@book{Haken_Wolf_2006, 
    place={Berlin}, 
    title={Molekülphysik und Quantenchemie: Einführung in die experimentellen und theoretischen Grundlagen}, 
    publisher={Springer}, 
    author={Haken, H. and Wolf, H. C.}, 
    year={2006}
} 